

@InProceedings{mulan95,
  title =       {Lessons from the experiences of leading-edge
        object technology projects in {Hewlett-Packard}},
  author = {R.  Malan and D. Coleman and R. Letsinger},
  booktitle =   {Proceedings of the 10th annual conference on
                  Object-oriented programming systems, languages, and
                  applications},
  month =       {October},
  year =        1995,
  pages =       {33--46}
}

@InProceedings{pancake95,
  author =       {C.M. Pancake},
  title =        {The promise and the cost of object technology:
        a five-year forecast},
  booktitle =    {Communications of the ACM},
  year =         1995,
  volume =      38,
  issue =       10,
  pages =       {32--49},
  month =        {June}
}


@article{tsai,
 author = "B. Tsai and S. Stobart and N. Parrington and I. Mitchell",
 title = "An Automatic Test Case Generator Derived from State-Based
Testing",
 journal="TBD",
 pages="TBD",
 year="TBD"
}


@InProceedings{knapen99,
  author =       {G. Knapen and B. Lagu\"e and M Dagenais and E. Merlo},
  title =        {Parsing {\CPP} Despite Missing Declarations},
  booktitle =    {Proceedings of the 7th International Workshop on
   Program Comprehension},
  year =         1999,
  address =      {Pittsburgh, PA}
}

@InProceedings{powertools,
  author =       {J. F. Power and B. A. Malloy},
  title =        {Symbol table construction and name lookup in ISO C++},
  booktitle =    {Proceedings of the International Conference on the Technology
of Object-Oriented Languages and Systems, TOOLS 2000},
  year =         2000,
  address =      {Sydney, Australia},
  month =        {November}
}

@InProceedings{power00,
  author =       {J. F. Power and B. A. Malloy},
  title =        {Metric-Based Analysis of Context-Free Grammars},
  booktitle =    {Proceedings of the 8th International Workshop on
Program Comprehension},
  year =         2000,
  address =      {Limerick, Ireland},
  month =        {June}
}

@unpublished{vaishali,
 author = "Vaishali A. Chitre",
 title = "Symbol Table Design for Namespace Support in {C++}",
 month = "May",
 day = "30",
 year="2000"
}

@unpublished{parr-ref,
 author = "T. J. Parr",
 title = "ANTLR Reference Manual",
 journal="http://www.antlr.org/doc/index.html",
 month = "November",
 note = "HTML format",
 year="2000"
}

@book{siegel,
 author = "Jon Siegel",
 title = "CORBA 3: Fundamentals and Programming",
 publisher = "Wiley Computer Publishing",
 isbn = "0-471-29518-3",
 year="2000"
}

@article{fosse00,
 author = "P. Thevenod-Fosse and H. Waeselynck",
 title = "Towards a Statistical Approach to Testing Object-Oriented
Programs",
 journal="TBD",
 pages="TBD",
 year="TBD"
}

@article{daniels99,
 author = "F. J. Daniels and K. C. Tai",
 title = "Measuring the Effectiveness of Method Test
Sequences Derived from Sequencing Constraints",
 journal="TBD",
 pages="74--83",
 year=1999
}

@article{parrish00,
 author = "A. Parrish and D. Cordes and B. Dixon",
 title = "A Taxonomy of Module Interactons for Object-Oriented Testing",
 journal="International Journal of Computer \& Information Science",
 volume=1,
 number=1,
 pages="11--19",
 year=2000
}

@article{astoot94,
 author = "R. Doong and P. G. Frankl",
 title = "The {ASTOOT} Approach to Testing Object-Oriented Programs",
 journal="ACM Transactions on Software Engineering and Methodology",
 volume=3,
 number=2,
 pages="101--130",
 month="April",
 year=1994
}

@article{chen98,
 author = "H. Y. Chen and T. H. Tse and F. T. Chan and T. Y. Chen",
 title = "In Black and White: An Integrated Approach to Class-Level
Testing of Object-Oriented Programs",
 journal="ACM Transactions on Software Engineering and Methodology",
 volume=7,
 number=3,
 pages="250--295",
 month="July",
 year=1998
}

@article{tsai99,
 author = "B. Y. Tsai and S. Stobart and N. Parrington and I. Mitchell",
 title = "Using Threaded Multi-way Trees to Represent the Behaviour of
State Machines",
 journal="Annals of Software Engineering",
 volume=8,
 year=1999
}

@article{souter00,
 author = "A. L. Souter and L. L. Pollock",
 title = "{OMEN}: A Strategy for Testing Object-Oriented Software",
 journal="Proceedings of the International Symposium on Software Testing
and Analysis",
 month="August",
 year=2000
}

@article{turner,
 author = "C. D. Turner and D. J. Robson",
 title = "The State-Based Testing of OO Programs",
 journal="TBD",
 year="TBD"
}

@article{bashir94,
 author = "I. Bashir and A. Goel",
 title = "Testing {C++} Classes",
 journal="Proceedings of the International Conference on Software
Testing",
 year=1994
}

@article{rothermel99,
 author = "G. Rothermel and M. J. Harrold and J. Dedhia",
 title = "Regression Test Selection for {C++} Software",
 journal="TBD",
 year=1999
}

@article{buy00,
 author = "U. Buy and A. Orso and M. Pezze",
 title = "Automated Testing of Classes",
 journal="Proceedings of the International Symposium on Software Testing
and Analysis",
 month="August",
 year=2000
}

@article{harrold92,
 author = "M. J. Harrold and J. D. McGregor and K. J. Fitzpatrick",
 title = "Incremental Testing of Object-Oriented Class Structures",
 journal="TBD",
 year=1992
}

@article{kung95,
 author = "D. Kung and J. Gao and P. Hsia and Y. Toyoshima and C. Chen
and Y. S. Kim and Y. K. Song",
 title = "Developing and Object-Oriented Software Testing and
Maintenance Environment",
 journal="Communications of the ACM",
 month = "October",
 pages = "75--86",
 volume=38,
 number=10,
 year=1995
}


@incollection{moss90,
   author = {P.D. Mosses},
   chapter = {11},
   crossref = {leeu90},
   pages = {575-631},
   title = {Denotational Semantics},
   volume = {B}
}

@techreport{power99,
   title = "{Exploiting the UML to Specify the Static Semantics of
an Object-Oriented Programming Language}",
   author = "J. F. Power and B. A. Malloy",
   institution = "Clemson University",
   year = "1999",
   month = "September",
   number = "Revision 1.0"
}

@book{leeu90,
   booktitle = {Handbook of Theoretical Computer Science},
   editor = {J. van Leeuwen},
   publisher = {Elsevier},
   title = {Handbook of Theoretical Computer Science},
   year = {1990}
}

@book{rumbaugh99,
   title = "The Unified Modeling Language Reference Manual",
   author = "James Rumbaugh and Ivar Jacobson and Grady Booch",
   publisher = "Addison Wesley Longman, Inc",
   year = 1999
}

@book{rational99,
   title = "Rational Rose",
   author = "Rational Software",
   year = 1999
}

%%% C and C++ references %%%

@Book{C++standard98,
  author =	 "{ISO/IEC JTC 1}",
  title = 	 {International Standard: Programming Languages - C++},
  publisher = 	 {American National Standards Institute},
  month =        {September},
  year = 	 1998,
  number =	 {14882:1998(E)},
  series = 	{ASC X3},
  edition =	 {First}
}

@Book{stroustrup97,
  author =	 {B. Stroustrup},
  title = 	 {The C++ Programming Language},
  publisher = 	 {Addison-Wesley},
  year = 	 1997,
  edition =	 {Third}
}

@Book{K+R78,
  author =	 {B.W. Kernighan and D.M. Ritchie},
  title = 	 {The C Programming Language},
  publisher = 	 {Prentice-Hall},
  year = 	 1978
}


%%% UML references %%%

@Book{UML-UG,
  author =	 {G. Booch and J. Rumbaugh and I. Jacobson},
  title = 	 {The Unified Modeling Language User Guide},
  publisher = 	 {Addison-Wesley},
  year = 	 1999,
  series =	 {Object Technology Series}
}

@Book{UML-RM,
  author =	 {J. Rumbaugh and G. Booch and I. Jacobson},
  title = 	 {The Unified Modeling Language Reference Manual},
  publisher = 	 {Addison-Wesley},
  year = 	 1999,
  series =	 {Object Technology Series}
}

@Booklet{UML-SPEC,
  title = 	 {{OMG} Unified Modeling Language Specification (draft)},
  author =	 {Object Management Group},
  month =	 {January},
  year =	 1999,
  note =	 {Version 1.3 R9}
}



%%% Other approaches to dealing with C/C++ %%%
                  
@InCollection{GurHug93, 
  author =       "Y. Gurevich and J. Huggins", 
  title =        "{The Semantics of the C Programming Language}", 
  booktitle =    "Computer Science Logic", 
  publisher =    "Springer", 
  year =         1993, 
  editor =       "E. B{\"o}rger and H. {Kleine B{\"u}ning} and 
                  G. J{\"a}ger and S. Martini and M. M. Richter", 
  volume =       702, 
  series =       "LNCS", 
  pages =        "274-309", 
}

@InCollection{Wallace94, 
  author =       "C. Wallace", 
  title =        "{The Semantics of the C++ Programming Language}", 
  booktitle =    "Specification and Validation Methods", 
  publisher =    "Oxford University Press", 
  year =         1995, 
  pages =        "131-164",
  editor =       "E. B{\"o}rger", 
} 

@Unpublished{Roskind89,
  author = 	 {J.A. Roskind},
  title = 	 {A {YACC}-able {C++} 2.1 grammar, and the resulting ambiguities},
  note = 	 {Independent Consultant, Indialantic FL},
  year =	 {1989},
  annote =	 {http://www.empathy.com/pccts/roskind.html}
}

@InCollection{Sutter,
  author = 	{Herb Sutter},
  title = 	{What's in a Class},
  booktitle =	{C++ Report},
  year = 	{1998},
  pages =	{48-52},
  month =	{March}
}

% This describes the cppp processor
@TechReport{reiss95,
  author = 	 {S.P. Reiss and T. Davis},
  title = 	 {Experiences writing object-oriented compiler front ends},
  institution =  {Brown University},
  year = 	 1995,
  month =	 {January}
}

@Unpublished{lilley97,
  author = 	 {John Lilley},
  title = 	 {{PCCTS}-Based {LL(1)} {C++} Parser: Design and Theory of Operation },
  note = 	 {Version 1.5},
  month =	 {February},
  year =	 1997,
  annote =	 {http://www.empathy.com/pccts/}
}

@InProceedings{bodin94,
  author = 	 {F. Bodin and P. Beckman and D. Gannon and J. Gotwals and S. Narayana and S. Srinivas and B. Winnicka},
  title = 	 {Sage++: An Object-Oriented Toolkit and Class Library for Building {Fortran} and {C++} Restructuring Tools},
  booktitle = 	 {OON-SKI},
  pages =	 {122-136},
  year =	 1994,
  address =	 {Oregon, USA},
}


%%% Misc. compiler-related references (for intro!) %%%

@Book{aho86,
  author =	 {A.V. Aho and R. Sethi and J.D. Ullman},
  title = 	 {Compilers: Principles, Techniques and Tools},
  publisher = 	 {Addison-Wesley},
  year = 	 1986
}

@Book{watt91,
  author =	 {D.A. Watt},
  title = 	 {Programming Language Syntax and Semantics},
  publisher = 	 {Prentice-Hall},
  year = 	 1991,
}
