
@book{siegel,
 author = "Siegel, Jon",
 title = "CORBA 3: Fundamentals and Programming",
 publisher = "Wiley Computer Publishing",
 isbn = "0-471-29518-3",
 year="2000"
}

@techreport{lorenz,
   title = "{A Portable C Interface for Standard ML of New Jersey}",
   author = "Lorenz Huelsbergen",
   institution = "AT\&T Bell Laboratories",
   year = "1996",
   month = "January",
   number = "Revision 1.0"
}

@unpublished{omg,
 author = "{Object Management Group}",
 title = "{OMG's Official CORBA Website}",
 journal="http://www.corba.org",
 month = "March",
 note = "HTML format",
 year="2001"
}


@unpublished{orbit,
 author = "{Michael Rumpf}",
 title = "{ORBit Resource Website}",
 journal="http://orbit-resource.sourceforge.net/",
 month = "March",
 note = "HTML format",
 year="2001"
}


@unpublished{RedhatLabs,
 author = "{Elliot Lee}",
 title = "{ORBit Documentation Website at RedHat Labs}",
 journal="http://www.labs.redhat.com/orbit/",
 month = "March",
 note = "HTML format",
 year="2001"
}

@book{ullman,
 author = "Ullman, Jeffrey D.",
 title = "Elements of ML Programming ML97 Edition",
 publisher = "Prentice-Hall Inc.",
 isbn = "0-13-790387-1",
 year="1998"
}
